<?xml version="1.0" encoding="UTF-8"?><collection xmlns="http://www.loc.gov/MARC21/slim"><record><leader>00538nam--2200193-i-4500</leader><controlfield tag="001">000040754</controlfield><controlfield tag="002">20161230</controlfield><controlfield tag="005">20161230201042</controlfield><controlfield tag="008">060222s1000------------r-----000-0-ger-d</controlfield><datafield ind1=" " ind2=" " tag="040"><subfield code="a">IFIN-HH</subfield></datafield><datafield ind1=" " ind2=" " tag="041"><subfield code="a">ger</subfield></datafield><datafield ind1=" " ind2=" " tag="080"><subfield code="a">539.172.4:543.53</subfield></datafield><datafield ind1="1" ind2=" " tag="100"><subfield code="a">Schulze,Werner</subfield></datafield><datafield ind1="1" ind2="0" tag="245"><subfield code="a">Neutronenaktivierung als analytisches hilfsmittel</subfield><subfield code="c">Werner schulze</subfield></datafield><datafield ind1=" " ind2=" " tag="260"><subfield code="a">Stuttgart</subfield><subfield code="b">Ferdinand Enke Verlag</subfield><subfield code="c">1962</subfield></datafield><datafield ind1=" " ind2=" " tag="300"><subfield code="a">IX + 323 P. + 28 FIG</subfield></datafield><datafield ind1=" " ind2=" " tag="490"><subfield code="a">Die Chemische Analyse</subfield></datafield><datafield ind1=" " ind2=" " tag="852"><subfield code="a">19013</subfield><subfield code="c">539.163</subfield></datafield><datafield ind1=" " ind2=" " tag="CAT"><subfield code="a">Sys</subfield><subfield code="c">20120516</subfield><subfield code="h">162324</subfield></datafield></record></collection>